%% LaTeX2e file `outline.bib'
%% generated by the `filecontents' environment
%% from source `outline' on 2018/12/05.
%%
@book{author_book,
title = {Book's title},
author = {Author, Some},
location = {The City},
publisher = {Publisher},
date = {2005},
}
